@article{fitch1970distinguishing,
  title={Distinguishing homologous from analogous proteins},
  author={Fitch, Walter M},
  journal={Systematic zoology},
  volume={19},
  number={2},
  pages={99--113},
  year={1970},
  publisher={Society of Systematic Zoology}
}
