@article{fitch1970distinguishing,
  title={Distinguishing homologous from analogous proteins},
  author={Fitch, Walter M},
  journal={Systematic zoology},
  volume={19},
  number={2},
  pages={99--113},
  year={1970},
  publisher={Society of Systematic Zoology}
}

@article{fitch2000homology,
  title={Homology: a personal view on some of the problems},
  author={Fitch, Walter M},
  journal={Trends in genetics},
  volume={16},
  number={5},
  pages={227--231},
  year={2000},
  publisher={Elsevier}
}

@article{sonnhammer2002orthology,
  title={Orthology, paralogy and proposed classification for paralog subtypes},
  author={Sonnhammer, Erik LL and Koonin, Eugene V},
  journal={TRENDS in Genetics},
  volume={18},
  number={12},
  pages={619--620},
  year={2002},
  publisher={Elsevier}
}

@article{gardner2002genome,
  title={Genome sequence of the human malaria parasite Plasmodium falciparum},
  author={Gardner, Malcolm J and Hall, Neil and Fung, Eula and White, Owen and Berriman, Matthew and Hyman, Richard W and Carlton, Jane M and Pain, Arnab and Nelson, Karen E and Bowman, Sharen and others},
  journal={Nature},
  volume={419},
  number={6906},
  pages={498},
  year={2002},
  publisher={Nature Publishing Group}
}

@article{kissinger2002plasmodium,
  title={The Plasmodium genome database},
  author={Kissinger, Jessica C and Brunk, Brian P and Crabtree, Jonathan and Fraunholz, Martin J and Gajria, Bindu and Milgram, Arthur J and Pearson, David S and Schug, Jonathan and Bahl, Amit and Diskin, Sharon J and others},
  journal={Nature},
  volume={419},
  number={6906},
  pages={490},
  year={2002},
  publisher={Nature Publishing Group}
}

@incollection{whetzel2005plasmodb,
  title={PlasmoDB: The Plasmodium Genome Resource},
  author={Whetzel, Patricia L and Date, Shailesh V and Gajria, Kobby and Fraunholz, Martin J and Gajria, Bindu and Grant, Gregory R and Iodice, John and Labo, Philip T and Milgram, Arthur J and Stoeckert, Christian J and others},
  booktitle={Molecular Approaches to Malaria},
  pages={12--23},
  year={2005},
  publisher={American Society of Microbiology}
}

@article{tatusov1997genomic,
  title={A genomic perspective on protein families},
  author={Tatusov, Roman L and Koonin, Eugene V and Lipman, David J},
  journal={Science},
  volume={278},
  number={5338},
  pages={631--637},
  year={1997},
  publisher={American Association for the Advancement of Science}
}

@article{galperin1999searching,
  title={Searching for drug targets in microbial genomes},
  author={Galperin, Michael Y and Koonin, Eugene V},
  journal={Current opinion in biotechnology},
  volume={10},
  number={6},
  pages={571--578},
  year={1999},
  publisher={Elsevier}
}

@article{natale2000using,
  title={Using the COG database to improve gene recognition in complete genomes},
  author={Natale, DA and Galperin, MY and Tatusov, RL and Koonin, EV},
  journal={Genetica},
  volume={108},
  number={1},
  pages={9--17},
  year={2000},
  publisher={Springer}
}

@article{natale2000towards,
  title={Towards understanding the first genome sequence of a crenarchaeon by genome annotation using clusters of orthologous groups of proteins (COGs)},
  author={Natale, Darren A and Shankavaram, Uma T and Galperin, Michael Y and Wolf, Yuri I and Aravind, L and Koonin, Eugene V},
  journal={Genome biology},
  volume={1},
  number={5},
  pages={research0009--1},
  year={2000},
  publisher={BioMed Central}
}

@article{forterre2002hot,
  title={A hot story from comparative genomics: reverse gyrase is the only hyperthermophile-specific protein},
  author={Forterre, Patrick},
  journal={Trends in Genetics},
  volume={18},
  number={5},
  pages={236--237},
  year={2002},
  publisher={Elsevier}
}

@article{tatusov2000cog,
  title={The COG database: a tool for genome-scale analysis of protein functions and evolution},
  author={Tatusov, Roman L and Galperin, Michael Y and Natale, Darren A and Koonin, Eugene V},
  journal={Nucleic acids research},
  volume={28},
  number={1},
  pages={33--36},
  year={2000},
  publisher={Oxford University Press}
}

@article{tatusov2001cog,
  title={The COG database: new developments in phylogenetic classification of proteins from complete genomes},
  author={Tatusov, Roman L and Natale, Darren A and Garkavtsev, Igor V and Tatusova, Tatiana A and Shankavaram, Uma T and Rao, Bachoti S and Kiryutin, Boris and Galperin, Michael Y and Fedorova, Natalie D and Koonin, Eugene V},
  journal={Nucleic acids research},
  volume={29},
  number={1},
  pages={22--28},
  year={2001},
  publisher={Oxford University Press}
}

@article{alexeyenko2006automatic,
  title={Automatic clustering of orthologs and inparalogs shared by multiple proteomes},
  author={Alexeyenko, Andrey and Tamas, Ivica and Liu, Gang and Sonnhammer, Erik LL},
  journal={Bioinformatics},
  volume={22},
  number={14},
  pages={e9--e15},
  year={2006},
  publisher={Oxford University Press}
}

@article{remm2001automatic,
  title={Automatic clustering of orthologs and in-paralogs from pairwise species comparisons},
  author={Remm, Maido and Storm, Christian EV and Sonnhammer, Erik LL},
  journal={Journal of molecular biology},
  volume={314},
  number={5},
  pages={1041--1052},
  year={2001},
  publisher={Elsevier}
}

@article{roth2008algorithm,
  title={Algorithm of OMA for large-scale orthology inference},
  author={Roth, Alexander CJ and Gonnet, Gaston H and Dessimoz, Christophe},
  journal={BMC bioinformatics},
  volume={9},
  number={1},
  pages={518},
  year={2008},
  publisher={BioMed Central}
}

@article{altenhoff2010oma,
  title={OMA 2011: orthology inference among 1000 complete genomes},
  author={Altenhoff, Adrian M and Schneider, Adrian and Gonnet, Gaston H and Dessimoz, Christophe},
  journal={Nucleic acids research},
  volume={39},
  number={suppl\_1},
  pages={D289--D294},
  year={2010},
  publisher={Oxford University Press}
}

@article{li2003orthomcl,
  title={OrthoMCL: identification of ortholog groups for eukaryotic genomes},
  author={Li, Li and Stoeckert, Christian J and Roos, David S},
  journal={Genome research},
  volume={13},
  number={9},
  pages={2178--2189},
  year={2003},
  publisher={Cold Spring Harbor Lab}
}

@article{emms2015orthofinder,
  title={OrthoFinder: solving fundamental biases in whole genome comparisons dramatically improves orthogroup inference accuracy},
  author={Emms, David M and Kelly, Steven},
  journal={Genome biology},
  volume={16},
  number={1},
  pages={157},
  year={2015},
  publisher={BioMed Central}
}

@book{lewis2005legumes,
  title={Legumes of the World},
  author={Lewis, Gwilym Peter},
  year={2005},
  publisher={Royal Botanic Gardens Kew}
}

@article{blanc2004functional,
  title={Functional divergence of duplicated genes formed by polyploidy during Arabidopsis evolution},
  author={Blanc, Guillaume and Wolfe, Kenneth H},
  journal={The Plant Cell},
  volume={16},
  number={7},
  pages={1679--1691},
  year={2004},
  publisher={Am Soc Plant Biol}
}

@article{schlueter2004mining,
  title={Mining EST databases to resolve evolutionary events in major crop species},
  author={Schlueter, Jessica A and Dixon, Phillip and Granger, Cheryl and Grant, David and Clark, Lynn and Doyle, Jeff J and Shoemaker, Randy C},
  journal={Genome},
  volume={47},
  number={5},
  pages={868--876},
  year={2004},
  publisher={NRC Research Press}
}

@article{pfeil2005placing,
  title={Placing paleopolyploidy in relation to taxon divergence: a phylogenetic analysis in legumes using 39 gene families},
  author={Pfeil, BE and Schlueter, JA and Shoemaker, RC and Doyle, JJ},
  journal={Systematic Biology},
  volume={54},
  number={3},
  pages={441--454},
  year={2005},
  publisher={Society of Systematic Zoology}
}

@article{cannon2006legume,
  title={Legume genome evolution viewed through the Medicago truncatula and Lotus japonicus genomes},
  author={Cannon, Steven B and Sterck, Lieven and Rombauts, Stephane and Sato, Shusei and Cheung, Foo and Gouzy, J{\'e}r{\^o}me and Wang, Xiaohong and Mudge, Joann and Vasdewani, Jayprakash and Schiex, Thomas and others},
  journal={Proceedings of the National Academy of Sciences},
  volume={103},
  number={40},
  pages={14959--14964},
  year={2006},
  publisher={National Acad Sciences}
}

@article{bertioli2009analysis,
  title={An analysis of synteny of Arachis with Lotus and Medicago sheds new light on the structure, stability and evolution of legume genomes},
  author={Bertioli, David J and Moretzsohn, Marcio C and Madsen, Lene H and Sandal, Niels and Leal-Bertioli, Soraya CM and Guimar{\~a}es, Patricia M and Hougaard, Birgit K and Fredslund, Jakob and Schauser, Leif and Nielsen, Anna M and others},
  journal={BMC genomics},
  volume={10},
  number={1},
  pages={45},
  year={2009},
  publisher={BioMed Central}
}

@article{cannon2014multiple,
  title={Multiple polyploidy events in the early radiation of nodulating and nonnodulating legumes},
  author={Cannon, Steven B and McKain, Michael R and Harkess, Alex and Nelson, Matthew N and Dash, Sudhansu and Deyholos, Michael K and Peng, Yanhui and Joyce, Blake and Stewart Jr, Charles N and Rolf, Megan and others},
  journal={Molecular biology and evolution},
  volume={32},
  number={1},
  pages={193--210},
  year={2014},
  publisher={Oxford University Press}
}

@Article{Kroc2014,
author="Kroc, Magdalena
and Koczyk, Grzegorz
and {\'S}wiecicki, Wojciech
and Kilian, Andrzej
and Nelson, Matthew N.",
title="New evidence of ancestral polyploidy in the Genistoid legume Lupinus angustifolius L. (narrow-leafed lupin)",
journal="Theoretical and Applied Genetics",
year="2014",
month="May",
day="01",
volume="127",
number="5",
pages="1237--1249",
abstract="This is the first clear evidence of duplication and/or triplication of large chromosomal regions in a genome of a Genistoid legume, the most basal clade of Papilionoid legumes.                ",
issn="1432-2242",
doi="10.1007/s00122-014-2294-y",
url="https://doi.org/10.1007/s00122-014-2294-y"
}


@article{eddy1992hmmer,
  title={HMMER user’s guide},
  author={Eddy, Sean},
  journal={Department of Genetics, Washington University School of Medicine},
  volume={2},
  number={1},
  year={1992}
}

@inproceedings{davis2006relationship,
  title={The relationship between Precision-Recall and ROC curves},
  author={Davis, Jesse and Goadrich, Mark},
  booktitle={Proceedings of the 23rd international conference on Machine learning},
  pages={233--240},
  year={2006},
  organization={ACM}
}

@article{byrne2005yeast,
  title={The Yeast Gene Order Browser: combining curated homology and syntenic context reveals gene fate in polyploid species},
  author={Byrne, Kevin P and Wolfe, Kenneth H},
  journal={Genome research},
  volume={15},
  number={10},
  pages={1456--1461},
  year={2005},
  publisher={Cold Spring Harbor Lab}
}

@article{li2006treefam,
  title={TreeFam: a curated database of phylogenetic trees of animal gene families},
  author={Li, Heng and Coghlan, Avril and Ruan, Jue and Coin, Lachlan James and Heriche, Jean-Karim and Osmotherly, Lara and Li, Ruiqiang and Liu, Tao and Zhang, Zhang and Bolund, Lars and others},
  journal={Nucleic acids research},
  volume={34},
  number={suppl\_1},
  pages={D572--D580},
  year={2006},
  publisher={Oxford University Press}
}

@article{van2007orthology,
  title={Orthology prediction at scalable resolution by phylogenetic tree analysis},
  author={Van der Heijden, Rene TJM and Snel, Berend and Van Noort, Vera and Huynen, Martijn A},
  journal={BMC bioinformatics},
  volume={8},
  number={1},
  pages={83},
  year={2007},
  publisher={BioMed Central}
}

@article{wapinski2007automatic,
  title={Automatic genome-wide reconstruction of phylogenetic gene trees},
  author={Wapinski, Ilan and Pfeffer, Avi and Friedman, Nir and Regev, Aviv},
  journal={Bioinformatics},
  volume={23},
  number={13},
  pages={i549--i558},
  year={2007},
  publisher={Oxford University Press}
}

@article{hubbard2006ensembl,
  title={Ensembl 2007},
  author={Hubbard, Tim JP and Aken, Bronwen L and Beal, Kathryn and Ballester, Benoit and C{\'a}ccamo, Mario and Chen, Yuan and Clarke, Laura and Coates, Guy and Cunningham, Fiona and Cutts, Tim and others},
  journal={Nucleic acids research},
  volume={35},
  number={suppl\_1},
  pages={D610--D617},
  year={2006},
  publisher={Oxford University Press}
}

@article{dehal2006phylogenomic,
  title={A phylogenomic gene cluster resource: the Phylogenetically Inferred Groups (PhIGs) database},
  author={Dehal, Paramvir S and Boore, Jeffrey L},
  journal={BMC bioinformatics},
  volume={7},
  number={1},
  pages={201},
  year={2006},
  publisher={BioMed Central}
}

@article{finn2007pfam,
  title={The Pfam protein families database},
  author={Finn, Robert D and Tate, John and Mistry, Jaina and Coggill, Penny C and Sammut, Stephen John and Hotz, Hans-Rudolf and Ceric, Goran and Forslund, Kristoffer and Eddy, Sean R and Sonnhammer, Erik LL and others},
  journal={Nucleic acids research},
  volume={36},
  number={suppl\_1},
  pages={D281--D288},
  year={2007},
  publisher={Oxford University Press}
}

@article{falquet2002prosite,
  title={The PROSITE database, its status in 2002},
  author={Falquet, Laurent and Pagni, Marco and Bucher, Philipp and Hulo, Nicolas and Sigrist, Christian JA and Hofmann, Kay and Bairoch, Amos},
  journal={Nucleic acids research},
  volume={30},
  number={1},
  pages={235--238},
  year={2002},
  publisher={Oxford University Press}
}

@article{letunic2011smart,
  title={SMART 7: recent updates to the protein domain annotation resource},
  author={Letunic, Ivica and Doerks, Tobias and Bork, Peer},
  journal={Nucleic acids research},
  volume={40},
  number={D1},
  pages={D302--D305},
  year={2011},
  publisher={Oxford University Press}
}

@article{marchler2010cdd,
  title={CDD: a Conserved Domain Database for the functional annotation of proteins},
  author={Marchler-Bauer, Aron and Lu, Shennan and Anderson, John B and Chitsaz, Farideh and Derbyshire, Myra K and DeWeese-Scott, Carol and Fong, Jessica H and Geer, Lewis Y and Geer, Renata C and Gonzales, Noreen R and others},
  journal={Nucleic acids research},
  volume={39},
  number={suppl\_1},
  pages={D225--D229},
  year={2010},
  publisher={Oxford University Press}
}

@article{song2007domain,
  title={Domain architecture comparison for multidomain homology identification},
  author={Song, Nan and Sedgewick, Robert D and Durand, Dannie},
  journal={Journal of Computational Biology},
  volume={14},
  number={4},
  pages={496--516},
  year={2007},
  publisher={Mary Ann Liebert, Inc. 2 Madison Avenue Larchmont, NY 10538 USA}
}

@article{bitard2015domain,
  title={Domain similarity based orthology detection},
  author={Bitard-Feildel, Tristan and Kemena, Carsten and Greenwood, Jenny M and Bornberg-Bauer, Erich},
  journal={BMC bioinformatics},
  volume={16},
  number={1},
  pages={154},
  year={2015},
  publisher={BioMed Central}
}


@article{mistry2007predicting,
  title={Predicting active site residue annotations in the Pfam database},
  author={Mistry, Jaina and Bateman, Alex and Finn, Robert D},
  journal={BMC bioinformatics},
  volume={8},
  number={1},
  pages={298},
  year={2007},
  publisher={BioMed Central}
}

@article{grant2009soybase,
  title={SoyBase, the USDA-ARS soybean genetics and genomics database},
  author={Grant, David and Nelson, Rex T and Cannon, Steven B and Shoemaker, Randy C},
  journal={Nucleic acids research},
  volume={38},
  number={suppl\_1},
  pages={D843--D846},
  year={2009},
  publisher={Oxford University Press}
}

